@MISC{Harvey03skipnet:a,
    author = {Nicholas J.A. Harvey and Nicholas J. A and Harvey John and John Dunagan and Michael B. Jones and Stefan Saroiu and Marvin Theimer and Alec Wolman},
    title = {SkipNet: A Scalable Overlay Network with Practical Locality Properties},
    year = {2003}
}
@article(AspnesS2007,
title="Skip graphs",
author="James Aspnes and Gauri Shah",
journal="ACM Transactions on Algorithms",
month=nov,
year=2007,
volume=3,
number=4,
pages={37}
)
@MISC{Pugh90skiplists,
    author = {William Pugh},
    title = {Skip Lists: A Probabilistic Alternative to Balanced Trees},
    year = {1990}
}
@INPROCEEDINGS{Stoica01chord:a,
    author = {Ion Stoica and Robert Morris and David Karger and M. Frans Kaashoek and Hari Balakrishnan},
    title = {Chord: A Scalable Peer-to-Peer Lookup Service for Internet Applications},
    booktitle = {},
    year = {2001},
    pages = {149--160}
}
@phdthesis{1124030,
 author = {Kharma, Qasem},
 note = {Major Professor-Ege, Raimund K.},
 title = {Enhanced skip-list search algorithm in 3-layer mediator framework},
 year = {2005},
 isbn = {0-542-33270-1},
 order_no = {AAI3190953},
 publisher = {Florida International University},
 address = {Miami, FL, USA},
 }