@article{Okasaki,
 author = {Okasaki, Chris},
 title = {Red-black trees in a functional setting},
 journal = {J. Funct. Program.},
 volume = {9},
 number = {4},
 year = {1999},
 issn = {0956-7968},
 pages = {471--477},
 doi = {http://dx.doi.org/10.1017/S0956796899003494},
 publisher = {Cambridge University Press},
 address = {New York, NY, USA},
 }
